<?xml version = "1.0" encoding = "UTF-8"?><record>
  <leader>01798nam#a22004818c#4500</leader>
  <controlfield tag="005">20210409110653.0</controlfield>
  <controlfield tag="007">cr#|||||||||||</controlfield>
  <controlfield tag="008">160412|2015####gw######o#####|||#|#por#c</controlfield>
  <controlfield tag="003">DE-605</controlfield>
  <controlfield tag="001">990211106380206441</controlfield>
  <datafield tag="016" ind1="7" ind2=" ">
    <subfield code="a">909060617</subfield>
    <subfield code="2">OCoLC</subfield>
  </datafield>
  <datafield tag="020" ind1=" " ind2=" ">
    <subfield code="a">9783653052657</subfield>
    <subfield code="c">Online</subfield>
    <subfield code="9">978-3-653-05265-7</subfield>
  </datafield>
  <datafield tag="020" ind1=" " ind2=" ">
    <subfield code="a">9783631660249</subfield>
    <subfield code="c">print</subfield>
    <subfield code="9">978-3-631-66024-9</subfield>
  </datafield>
  <datafield tag="028" ind1="5" ind2="2">
    <subfield code="a">Best.-Nr.: 266024</subfield>
  </datafield>
  <datafield tag="035" ind1=" " ind2=" ">
    <subfield code="a">(DE-605)HT018939763</subfield>
  </datafield>
  <datafield tag="040" ind1=" " ind2=" ">
    <subfield code="a">38</subfield>
    <subfield code="b">ger</subfield>
    <subfield code="d">38</subfield>
    <subfield code="e">rda</subfield>
  </datafield>
  <datafield tag="041" ind1=" " ind2=" ">
    <subfield code="a">por</subfield>
  </datafield>
  <datafield tag="044" ind1=" " ind2=" ">
    <subfield code="c">XA-DE-HE</subfield>
  </datafield>
  <datafield tag="245" ind1="0" ind2="0">
    <subfield code="a">Din&#226;micas Afro-Latinas</subfield>
    <subfield code="b">l&#237;ngua(s) e hist&#243;ria(s)</subfield>
    <subfield code="c">Juanito Ornelas de Avelar / Laura &#193;lvarez L&#243;pez (eds.)</subfield>
  </datafield>
  <datafield tag="264" ind1=" " ind2="1">
    <subfield code="a">Frankfurt am Main</subfield>
    <subfield code="b">Peter Lang Edition</subfield>
    <subfield code="c">[2015]</subfield>
  </datafield>
  <datafield tag="264" ind1=" " ind2="4">
    <subfield code="c">&#169; 2015</subfield>
  </datafield>
  <datafield tag="300" ind1=" " ind2=" ">
    <subfield code="a">1 Online-Ressource (265 Seiten)</subfield>
    <subfield code="b">Diagramme</subfield>
  </datafield>
  <datafield tag="336" ind1=" " ind2=" ">
    <subfield code="b">txt</subfield>
  </datafield>
  <datafield tag="337" ind1=" " ind2=" ">
    <subfield code="b">c</subfield>
  </datafield>
  <datafield tag="338" ind1=" " ind2=" ">
    <subfield code="b">cr</subfield>
  </datafield>
  <datafield tag="689" ind1="0" ind2="0">
    <subfield code="a">Portugiesisch</subfield>
    <subfield code="D">s</subfield>
    <subfield code="0">(DE-588)4120316-1</subfield>
    <subfield code="0">(uri) https://portal.dnb.de/opac.htm?method=simpleSearch&amp;cqlMode=true&amp;query=idn=04120316X</subfield>
    <subfield code="0">(uri) http://viaf.org/viaf/sourceID/DNB|04120316X</subfield>
    <subfield code="B">GND-04120316X</subfield>
  </datafield>
  <datafield tag="689" ind1="0" ind2="1">
    <subfield code="a">Afrikanische Sprachen</subfield>
    <subfield code="D">s</subfield>
    <subfield code="0">(DE-588)4120108-5</subfield>
    <subfield code="0">(uri) https://portal.dnb.de/opac.htm?method=simpleSearch&amp;cqlMode=true&amp;query=idn=041201086</subfield>
    <subfield code="0">(uri) http://viaf.org/viaf/sourceID/DNB|041201086</subfield>
    <subfield code="B">GND-041201086</subfield>
  </datafield>
  <datafield tag="689" ind1="0" ind2="2">
    <subfield code="a">Portugiesischsprachiges Afrika</subfield>
    <subfield code="D">g</subfield>
    <subfield code="0">(DE-588)4327015-3</subfield>
    <subfield code="0">(uri) https://portal.dnb.de/opac.htm?method=simpleSearch&amp;cqlMode=true&amp;query=idn=043270158</subfield>
    <subfield code="0">(uri) http://viaf.org/viaf/sourceID/DNB|043270158</subfield>
    <subfield code="B">GND-043270158</subfield>
  </datafield>
  <datafield tag="689" ind1="0" ind2="3">
    <subfield code="a">Lateinamerika</subfield>
    <subfield code="D">g</subfield>
    <subfield code="0">(DE-588)4074032-8</subfield>
    <subfield code="0">(uri) https://portal.dnb.de/opac.htm?method=simpleSearch&amp;cqlMode=true&amp;query=idn=040740323</subfield>
    <subfield code="0">(uri) http://viaf.org/viaf/sourceID/DNB|040740323</subfield>
    <subfield code="B">GND-040740323</subfield>
  </datafield>
  <datafield tag="689" ind1="0" ind2="4">
    <subfield code="a">Sprachkontakt</subfield>
    <subfield code="D">s</subfield>
    <subfield code="0">(DE-588)4077723-6</subfield>
    <subfield code="0">(uri) https://portal.dnb.de/opac.htm?method=simpleSearch&amp;cqlMode=true&amp;query=idn=040777235</subfield>
    <subfield code="0">(uri) http://viaf.org/viaf/sourceID/DNB|040777235</subfield>
    <subfield code="B">GND-040777235</subfield>
  </datafield>
  <datafield tag="700" ind1="1" ind2=" ">
    <subfield code="a">Avelar, Juanito Ornelas &lt;&lt;de&gt;&gt;</subfield>
    <subfield code="0">(DE-588)1068655429</subfield>
    <subfield code="4">edt</subfield>
    <subfield code="B">GND-1068655429</subfield>
  </datafield>
  <datafield tag="700" ind1="1" ind2=" ">
    <subfield code="a">&#193;lvarez L&#243;pez, Laura</subfield>
    <subfield code="4">edt</subfield>
  </datafield>
  <datafield tag="856" ind1="4" ind2="2">
    <subfield code="m">B:DE-101</subfield>
    <subfield code="q">application/pdf</subfield>
    <subfield code="u">http://digitale-objekte.hbz-nrw.de/storage2/2016/04/23/file_43/6721512.pdf</subfield>
    <subfield code="3">Inhaltsverzeichnis</subfield>
    <subfield code="9">O:PKN</subfield>
  </datafield>
  <datafield tag="856" ind1="4" ind2="2">
    <subfield code="m">B:DE-101</subfield>
    <subfield code="q">application/pdf</subfield>
    <subfield code="u">http://digitale-objekte.hbz-nrw.de/storage2/2016/04/23/file_43/6721515.pdf</subfield>
    <subfield code="3">Inhaltsverzeichnis</subfield>
    <subfield code="9">O:PKN</subfield>
  </datafield>
  <datafield tag="912" ind1=" " ind2=" ">
    <subfield code="a">ZDB-114-LAC</subfield>
  </datafield>
  <datafield tag="960" ind1="1" ind2=" ">
    <subfield code="i">iall</subfield>
  </datafield>
  <datafield tag="962" ind1=" " ind2=" ">
    <subfield code="e">ZDB-114-LAC</subfield>
  </datafield>
  <datafield tag="964" ind1="0" ind2="s">
    <subfield code="F">030</subfield>
    <subfield code="A">f||dr||||||37</subfield>
  </datafield>
  <datafield tag="964" ind1="0" ind2="s">
    <subfield code="F">050</subfield>
    <subfield code="A">||||||||g|||||</subfield>
  </datafield>
  <datafield tag="964" ind1="0" ind2="s">
    <subfield code="F">051</subfield>
    <subfield code="A">m|||||||</subfield>
  </datafield>
  <datafield tag="035" ind1=" " ind2=" ">
    <subfield code="a">(OCoLC)909060617</subfield>
    <subfield code="0">(uri) http://www.worldcat.org/oclc/909060617</subfield>
  </datafield>
  <datafield tag="035" ind1=" " ind2=" ">
    <subfield code="a">(DE-599)BVBBV043195496</subfield>
  </datafield>
  <datafield tag="024" ind1="7" ind2=" ">
    <subfield code="a">10.3726/ 978-3-653-05265-7</subfield>
    <subfield code="2">doi</subfield>
  </datafield>
  <datafield tag="MBD" ind1=" " ind2=" ">
    <subfield code="M">49HBZ_NETWORK</subfield>
    <subfield code="i">990211106380206441</subfield>
    <subfield code="n">HBZ Network</subfield>
  </datafield>
  <datafield tag="MNG" ind1=" " ind2=" ">
    <subfield code="c">System</subfield>
    <subfield code="f">ILS</subfield>
    <subfield code="i">marc21</subfield>
    <subfield code="k">01</subfield>
    <subfield code="e">false</subfield>
    <subfield code="d">2021-04-09 11:06:53 Europe/Berlin</subfield>
    <subfield code="g">021110638-HBZ01</subfield>
    <subfield code="j">60</subfield>
    <subfield code="a">import</subfield>
    <subfield code="b">2021-04-05 09:36:51 Europe/Berlin</subfield>
  </datafield>
  <datafield tag="GST" ind1=" " ind2=" ">
    <subfield code="a">Kontaktlinguistik</subfield>
    <subfield code="A">GND</subfield>
    <subfield code="B">GND-040777235</subfield>
    <subfield code="C">450</subfield>
  </datafield>
  <datafield tag="GST" ind1=" " ind2=" ">
    <subfield code="a">Sprachberu&#776;hrung</subfield>
    <subfield code="A">GND</subfield>
    <subfield code="B">GND-040777235</subfield>
    <subfield code="C">450</subfield>
  </datafield>
  <datafield tag="GST" ind1=" " ind2=" ">
    <subfield code="a">Sprachbeziehungen</subfield>
    <subfield code="A">GND</subfield>
    <subfield code="B">GND-040777235</subfield>
    <subfield code="C">450</subfield>
  </datafield>
  <datafield tag="GST" ind1=" " ind2=" ">
    <subfield code="a">Sprachenkontakt</subfield>
    <subfield code="A">GND</subfield>
    <subfield code="B">GND-040777235</subfield>
    <subfield code="C">450</subfield>
  </datafield>
  <datafield tag="GSI" ind1="7" ind2=" ">
    <subfield code="a">http://d-nb.info/gnd/4077723-6</subfield>
    <subfield code="2">uri</subfield>
    <subfield code="A">GND</subfield>
    <subfield code="B">GND-040777235</subfield>
    <subfield code="C">024</subfield>
  </datafield>
  <datafield tag="GSI" ind1="7" ind2=" ">
    <subfield code="a">http://d-nb.info/gnd/4074032-8</subfield>
    <subfield code="2">uri</subfield>
    <subfield code="A">GND</subfield>
    <subfield code="B">GND-040740323</subfield>
    <subfield code="C">024</subfield>
  </datafield>
  <datafield tag="GGN" ind1=" " ind2=" ">
    <subfield code="a">Iberoamerika</subfield>
    <subfield code="A">GND</subfield>
    <subfield code="B">GND-040740323</subfield>
    <subfield code="C">451</subfield>
  </datafield>
  <datafield tag="GSI" ind1="7" ind2=" ">
    <subfield code="a">http://d-nb.info/gnd/4327015-3</subfield>
    <subfield code="2">uri</subfield>
    <subfield code="A">GND</subfield>
    <subfield code="B">GND-043270158</subfield>
    <subfield code="C">024</subfield>
  </datafield>
  <datafield tag="GGN" ind1=" " ind2=" ">
    <subfield code="a">Lusophones Afrika</subfield>
    <subfield code="A">GND</subfield>
    <subfield code="B">GND-043270158</subfield>
    <subfield code="C">451</subfield>
  </datafield>
  <datafield tag="GST" ind1=" " ind2=" ">
    <subfield code="a">Afrikanische Sprache</subfield>
    <subfield code="A">GND</subfield>
    <subfield code="B">GND-041201086</subfield>
    <subfield code="C">450</subfield>
  </datafield>
  <datafield tag="GSI" ind1="7" ind2=" ">
    <subfield code="a">http://d-nb.info/gnd/4120108-5</subfield>
    <subfield code="2">uri</subfield>
    <subfield code="A">GND</subfield>
    <subfield code="B">GND-041201086</subfield>
    <subfield code="C">024</subfield>
  </datafield>
  <datafield tag="GST" ind1=" " ind2=" ">
    <subfield code="a">Portugiesische Sprache</subfield>
    <subfield code="A">GND</subfield>
    <subfield code="B">GND-04120316X</subfield>
    <subfield code="C">450</subfield>
  </datafield>
  <datafield tag="GSI" ind1="7" ind2=" ">
    <subfield code="a">http://d-nb.info/gnd/4120316-1</subfield>
    <subfield code="2">uri</subfield>
    <subfield code="A">GND</subfield>
    <subfield code="B">GND-04120316X</subfield>
    <subfield code="C">024</subfield>
  </datafield>
  <datafield tag="GPN" ind1="1" ind2=" ">
    <subfield code="a">Ornelas de Avelar, Juanito</subfield>
    <subfield code="A">GND</subfield>
    <subfield code="B">GND-1068655429</subfield>
    <subfield code="C">400</subfield>
  </datafield>
  <datafield tag="GSI" ind1="7" ind2=" ">
    <subfield code="a">http://d-nb.info/gnd/1068655429</subfield>
    <subfield code="2">uri</subfield>
    <subfield code="A">GND</subfield>
    <subfield code="B">GND-1068655429</subfield>
    <subfield code="C">024</subfield>
  </datafield>
</record>